
<record>
  <leader>01512cam a22003617i 4500</leader>
  <controlfield tag="001">19268871</controlfield>
  <controlfield tag="005">20200103150819.0</controlfield>
  <controlfield tag="008">160705t20162016ne a     b    000 0 dut  </controlfield>
  <datafield tag="906" ind1=" " ind2=" ">
    <subfield code="a">7</subfield>
    <subfield code="b">cbc</subfield>
    <subfield code="c">origres</subfield>
    <subfield code="d">3</subfield>
    <subfield code="e">ncip</subfield>
    <subfield code="f">20</subfield>
    <subfield code="g">y-gencatlg</subfield>
  </datafield>
  <datafield tag="925" ind1="0" ind2=" ">
    <subfield code="a">acquire</subfield>
    <subfield code="b">1 shelf copy</subfield>
    <subfield code="x">policy default</subfield>
  </datafield>
  <datafield tag="955" ind1=" " ind2=" ">
    <subfield code="b">BD25 2016-12-27</subfield>
    <subfield code="i">bc12 2018-06-04 (telework)</subfield>
    <subfield code="e">bc12 2018-06-26 to BCCD (ABAchecked &amp; Labeled)</subfield>
    <subfield code="a">bc12 2019-01-15 (NAP correction)</subfield>
  </datafield>
  <datafield tag="010" ind1=" " ind2=" ">
    <subfield code="a">  2016495091</subfield>
  </datafield>
  <datafield tag="020" ind1=" " ind2=" ">
    <subfield code="a">9789402900040 (paperback)</subfield>
  </datafield>
  <datafield tag="020" ind1=" " ind2=" ">
    <subfield code="a">9402900047 (paperback)</subfield>
  </datafield>
  <datafield tag="035" ind1=" " ind2=" ">
    <subfield code="a">(CaONFCNI)cou35395853</subfield>
  </datafield>
  <datafield tag="040" ind1=" " ind2=" ">
    <subfield code="a">DLC</subfield>
    <subfield code="b">eng</subfield>
    <subfield code="c">DLC</subfield>
    <subfield code="e">rda</subfield>
  </datafield>
  <datafield tag="050" ind1="0" ind2="0">
    <subfield code="a">JN5985.S73</subfield>
    <subfield code="b">G47 2016</subfield>
  </datafield>
  <datafield tag="245" ind1="0" ind2="0">
    <subfield code="a">Gerechtigheid verhoogt een volk :</subfield>
    <subfield code="b">bijbels genormeerde politiek in een democratische rechtsstaat /</subfield>
    <subfield code="c">Drs. J.A. Schippers (red.).</subfield>
  </datafield>
  <datafield tag="264" ind1=" " ind2="1">
    <subfield code="a">[Apeldoorn] :</subfield>
    <subfield code="b">De Banier Uitgeverij,</subfield>
    <subfield code="c">[2016]</subfield>
  </datafield>
  <datafield tag="264" ind1=" " ind2="4">
    <subfield code="c">©2016</subfield>
  </datafield>
  <datafield tag="300" ind1=" " ind2=" ">
    <subfield code="a">269 pages :</subfield>
    <subfield code="b">illustrations ;</subfield>
    <subfield code="c">24 cm</subfield>
  </datafield>
  <datafield tag="336" ind1=" " ind2=" ">
    <subfield code="a">text</subfield>
    <subfield code="2">rdacontent</subfield>
  </datafield>
  <datafield tag="337" ind1=" " ind2=" ">
    <subfield code="a">unmediated</subfield>
    <subfield code="2">rdamedia</subfield>
  </datafield>
  <datafield tag="338" ind1=" " ind2=" ">
    <subfield code="a">volume</subfield>
    <subfield code="2">rdacarrier</subfield>
  </datafield>
  <datafield tag="500" ind1=" " ind2=" ">
    <subfield code="a">Published in collaboration with the Wetenschappelijk Instituut voor de SGP and the Staatkundig Gereformeerde Partij.</subfield>
  </datafield>
  <datafield tag="610" ind1="2" ind2="0">
    <subfield code="a">Staatkundig Gereformeerde Partij.</subfield>
  </datafield>
  <datafield tag="650" ind1=" " ind2="0">
    <subfield code="a">Bible and politics</subfield>
    <subfield code="z">Netherlands.</subfield>
  </datafield>
  <datafield tag="651" ind1=" " ind2="0">
    <subfield code="a">Netherlands</subfield>
    <subfield code="x">Politics and government</subfield>
    <subfield code="y">1945-</subfield>
  </datafield>
  <datafield tag="700" ind1="1" ind2=" ">
    <subfield code="a">Schippers, J. A.,</subfield>
    <subfield code="d">1968-</subfield>
    <subfield code="4">edt</subfield>
  </datafield>
  <datafield tag="710" ind1="2" ind2=" ">
    <subfield code="a">Guido de Brèsstichting.</subfield>
    <subfield code="4">pbl</subfield>
  </datafield>
  <datafield tag="710" ind1="2" ind2=" ">
    <subfield code="a">Staatkundig Gereformeerde Partij.</subfield>
    <subfield code="4">pbl</subfield>
  </datafield>
  <datafield tag="923" ind1=" " ind2=" ">
    <subfield code="a">purchase</subfield>
    <subfield code="d">08-29-16</subfield>
    <subfield code="n">I-20096466</subfield>
    <subfield code="s">ProQuest</subfield>
  </datafield>
  <datafield tag="985" ind1=" " ind2=" ">
    <subfield code="e">VENDOR LOAD</subfield>
  </datafield>
</record>