
<record>
  <leader>02429cam a22003497i 4500</leader>
  <controlfield tag="001">19274481</controlfield>
  <controlfield tag="005">20200103150822.0</controlfield>
  <controlfield tag="008">160914s2016    nyu      b    001 0 eng  </controlfield>
  <datafield tag="906" ind1=" " ind2=" ">
    <subfield code="a">7</subfield>
    <subfield code="b">cbc</subfield>
    <subfield code="c">orignew</subfield>
    <subfield code="d">1</subfield>
    <subfield code="e">ecip</subfield>
    <subfield code="f">20</subfield>
    <subfield code="g">y-gencatlg</subfield>
  </datafield>
  <datafield tag="925" ind1="0" ind2=" ">
    <subfield code="a">acquire</subfield>
    <subfield code="b">2 shelf copies</subfield>
    <subfield code="x">policy default (ex.)</subfield>
  </datafield>
  <datafield tag="955" ind1=" " ind2=" ">
    <subfield code="b">rm13 2016-09-14</subfield>
    <subfield code="i">rm13 2016-09-14</subfield>
    <subfield code="w">xm09 2016-09-14</subfield>
    <subfield code="a">xn05 2016-10-18 1 copy rec&apos;d., to CIP ver.</subfield>
    <subfield code="f">rm06 2016-10-27 to BCCD</subfield>
    <subfield code="t">rm11 2016-11-28 copy 2 to CALM</subfield>
  </datafield>
  <datafield tag="010" ind1=" " ind2=" ">
    <subfield code="a">  2016023912</subfield>
  </datafield>
  <datafield tag="020" ind1=" " ind2=" ">
    <subfield code="a">9781634855112 (softcover)</subfield>
  </datafield>
  <datafield tag="020" ind1=" " ind2=" ">
    <subfield code="z">9781634855495 (ebook)</subfield>
  </datafield>
  <datafield tag="040" ind1=" " ind2=" ">
    <subfield code="a">DLC</subfield>
    <subfield code="b">eng</subfield>
    <subfield code="c">DLC</subfield>
    <subfield code="e">rda</subfield>
    <subfield code="d">DLC</subfield>
  </datafield>
  <datafield tag="050" ind1="0" ind2="0">
    <subfield code="a">HG4028.E27</subfield>
    <subfield code="b">E27 2016</subfield>
  </datafield>
  <datafield tag="082" ind1="0" ind2="0">
    <subfield code="a">658.15/5</subfield>
    <subfield code="2">23</subfield>
  </datafield>
  <datafield tag="245" ind1="0" ind2="0">
    <subfield code="a">Earnings management :</subfield>
    <subfield code="b">global perspectives, performance and future research /</subfield>
    <subfield code="c">Kathleen Yates, editor.</subfield>
  </datafield>
  <datafield tag="264" ind1=" " ind2="1">
    <subfield code="a">New York :</subfield>
    <subfield code="b">Novinka,</subfield>
    <subfield code="c">[2016]</subfield>
  </datafield>
  <datafield tag="300" ind1=" " ind2=" ">
    <subfield code="a">ix, 139 pages ;</subfield>
    <subfield code="c">23 cm.</subfield>
  </datafield>
  <datafield tag="336" ind1=" " ind2=" ">
    <subfield code="a">text</subfield>
    <subfield code="b">txt</subfield>
    <subfield code="2">rdacontent</subfield>
  </datafield>
  <datafield tag="337" ind1=" " ind2=" ">
    <subfield code="a">unmediated</subfield>
    <subfield code="b">n</subfield>
    <subfield code="2">rdamedia</subfield>
  </datafield>
  <datafield tag="338" ind1=" " ind2=" ">
    <subfield code="a">volume</subfield>
    <subfield code="b">nc</subfield>
    <subfield code="2">rdacarrier</subfield>
  </datafield>
  <datafield tag="490" ind1="0" ind2=" ">
    <subfield code="a">Management science - Theory and applications</subfield>
  </datafield>
  <datafield tag="504" ind1=" " ind2=" ">
    <subfield code="a">Includes bibliographical references and index.</subfield>
  </datafield>
  <datafield tag="505" ind1="0" ind2=" ">
    <subfield code="a">Preface -- Earnings management research : culture incentives versus accounting standards constraints, some insights for future research / Lan Sun, University of New England, Australia -- Earnings management during the recent crisis : the role of government quality / Félix J. López Iturriaga and Nuria Reguera Alvarado, University of Valladolid, Valladolid, Spain, and others -- A synthesis and analysis of models measuring accrual based and real activities earnings management / Anna-Fani Constantatos, Dionysia Dionysiou and Ioannis Tsalavoutas, Deree College - The American College of Greece, Aghia Paraskevi Athens, Greece, and others -- Earnings management and corporate social responsibility as an entrenchment strategy : evidence for shareholder protection contexts / Jennifer Martínez-Ferrero and Isabel-María García-Sánchez, Multidisciplinary Institute for Enterprise (IME), University of Salamanca, Salamanca, Spain -- Index.</subfield>
  </datafield>
  <datafield tag="650" ind1=" " ind2="0">
    <subfield code="a">Earnings management</subfield>
    <subfield code="x">Research.</subfield>
  </datafield>
  <datafield tag="650" ind1=" " ind2="0">
    <subfield code="a">Corporate profits.</subfield>
  </datafield>
  <datafield tag="650" ind1=" " ind2="0">
    <subfield code="a">Corporations</subfield>
    <subfield code="x">Finance.</subfield>
  </datafield>
  <datafield tag="650" ind1=" " ind2="0">
    <subfield code="a">Social responsibility of business.</subfield>
  </datafield>
  <datafield tag="700" ind1="1" ind2=" ">
    <subfield code="a">Yates, Kathleen,</subfield>
    <subfield code="c">(Researcher on management),</subfield>
    <subfield code="e">editor.</subfield>
  </datafield>
  <datafield tag="776" ind1="0" ind2="8">
    <subfield code="i">Online version:</subfield>
    <subfield code="t">Earnings management</subfield>
    <subfield code="d">Hauppauge, New York : Nova Science Publishers, Inc., [2016]</subfield>
    <subfield code="z">9781634855495</subfield>
    <subfield code="w">(DLC) 2016042535</subfield>
  </datafield>
</record>