
<record>
  <leader>02375cam a22003377i 4500</leader>
  <controlfield tag="001">19276544</controlfield>
  <controlfield tag="005">20200103150822.0</controlfield>
  <controlfield tag="008">160916s2016    nyu           001 0 eng  </controlfield>
  <datafield tag="906" ind1=" " ind2=" ">
    <subfield code="a">7</subfield>
    <subfield code="b">cbc</subfield>
    <subfield code="c">pccadap</subfield>
    <subfield code="d">2</subfield>
    <subfield code="e">epcn</subfield>
    <subfield code="f">20</subfield>
    <subfield code="g">y-gencatlg</subfield>
  </datafield>
  <datafield tag="925" ind1="0" ind2=" ">
    <subfield code="a">acquire</subfield>
    <subfield code="b">2 shelf copies</subfield>
    <subfield code="x">policy default (ex.)</subfield>
  </datafield>
  <datafield tag="955" ind1=" " ind2=" ">
    <subfield code="b">rm05 2017-01-28 z-processor</subfield>
    <subfield code="i">rm05 2017-01-28 to Dewey</subfield>
  </datafield>
  <datafield tag="010" ind1=" " ind2=" ">
    <subfield code="a">  2016030357</subfield>
  </datafield>
  <datafield tag="020" ind1=" " ind2=" ">
    <subfield code="a">9780735211674</subfield>
  </datafield>
  <datafield tag="020" ind1=" " ind2=" ">
    <subfield code="a">0735211671</subfield>
  </datafield>
  <datafield tag="035" ind1=" " ind2=" ">
    <subfield code="a">(OCoLC)ocn940281033</subfield>
  </datafield>
  <datafield tag="040" ind1=" " ind2=" ">
    <subfield code="a">DLC</subfield>
    <subfield code="b">eng</subfield>
    <subfield code="c">DLC</subfield>
    <subfield code="e">rda</subfield>
    <subfield code="d">YDXCP</subfield>
    <subfield code="d">BDX</subfield>
    <subfield code="d">BTCTA</subfield>
    <subfield code="d">ON8</subfield>
    <subfield code="d">OCLCF</subfield>
    <subfield code="d">IUO</subfield>
    <subfield code="d">DLC</subfield>
  </datafield>
  <datafield tag="050" ind1="0" ind2="0">
    <subfield code="a">HF5438.25</subfield>
    <subfield code="b">.I26 2016</subfield>
  </datafield>
  <datafield tag="100" ind1="1" ind2=" ">
    <subfield code="a">Iannarino, Anthony,</subfield>
    <subfield code="e">author.</subfield>
  </datafield>
  <datafield tag="245" ind1="1" ind2="4">
    <subfield code="a">The only sales guide you&apos;ll ever need /</subfield>
    <subfield code="c">Anthony Iannarino.</subfield>
  </datafield>
  <datafield tag="264" ind1=" " ind2="1">
    <subfield code="a">New York :</subfield>
    <subfield code="b">Portfolio/Penguin,</subfield>
    <subfield code="c">[2016]</subfield>
  </datafield>
  <datafield tag="300" ind1=" " ind2=" ">
    <subfield code="a">224 pages ;</subfield>
    <subfield code="c">24 cm</subfield>
  </datafield>
  <datafield tag="336" ind1=" " ind2=" ">
    <subfield code="a">text</subfield>
    <subfield code="b">txt</subfield>
    <subfield code="2">rdacontent</subfield>
  </datafield>
  <datafield tag="337" ind1=" " ind2=" ">
    <subfield code="a">unmediated</subfield>
    <subfield code="b">n</subfield>
    <subfield code="2">rdamedia</subfield>
  </datafield>
  <datafield tag="338" ind1=" " ind2=" ">
    <subfield code="a">volume</subfield>
    <subfield code="b">nc</subfield>
    <subfield code="2">rdacarrier</subfield>
  </datafield>
  <datafield tag="500" ind1=" " ind2=" ">
    <subfield code="a">Includes index.</subfield>
  </datafield>
  <datafield tag="505" ind1="0" ind2=" ">
    <subfield code="a">Part 1 Mind-Set: The Beliefs and Behaviors of Sales Success -- Self-Discipline: The Art of &quot;Me Management&quot; -- Optimism: A Positive Mental Attitude -- Caring: The Desire to Help Others -- Competitiveness: A Burning Desire to be the Best -- Resourcefulness: Finding a way or Making One -- Initiative: Taking Action Before it is Necessary -- Persistence: Breaking through Resistance -- Communication: Listening and Connecting -- Accountability: Owning the Outcomes you Sell -- Mastering the Mind-Set Elements to Create Influence -- Part 2 Skill Sets: The Abilities Of Sales Success -- Closing: Asking for and Obtaining Commitments -- Prospecting: Opening Relationships and Creating Opportunities -- Storytelling: Creating and Sharing a Vision -- Diagnosing: The Desire to Understand -- Negotiating: Creating Win-Win Deals -- Business Acumen: Understanding Business and Creating Value -- Change Management: Building Consensus and Helping Others Change -- Leadership: Producing Results with and Through Others -- Exercising The Skill-Set Elements to Create A Competitive Advantage.</subfield>
  </datafield>
  <datafield tag="520" ind1=" " ind2=" ">
    <subfield code="a">&quot;Star sales speaker and author of The Sales Blog reveals how all salespeople can attain huge sales success, with strategies backed by extensive research and experience,&quot;--Amazon.com.</subfield>
  </datafield>
  <datafield tag="650" ind1=" " ind2="0">
    <subfield code="a">Selling.</subfield>
  </datafield>
  <datafield tag="650" ind1=" " ind2="0">
    <subfield code="a">Sales management.</subfield>
  </datafield>
  <datafield tag="650" ind1=" " ind2="7">
    <subfield code="a">Sales management.</subfield>
    <subfield code="2">fast</subfield>
    <subfield code="0">(OCoLC)fst01103833</subfield>
  </datafield>
  <datafield tag="650" ind1=" " ind2="7">
    <subfield code="a">Selling.</subfield>
    <subfield code="2">fast</subfield>
    <subfield code="0">(OCoLC)fst01111969</subfield>
  </datafield>
</record>