
<record>
  <leader>02224cam a22003257i 4500</leader>
  <controlfield tag="001">19277051</controlfield>
  <controlfield tag="005">20200103150823.0</controlfield>
  <controlfield tag="008">160916s2016    mau           001 0 eng  </controlfield>
  <datafield tag="906" ind1=" " ind2=" ">
    <subfield code="a">7</subfield>
    <subfield code="b">cbc</subfield>
    <subfield code="c">origres</subfield>
    <subfield code="d">2</subfield>
    <subfield code="e">ncip</subfield>
    <subfield code="f">20</subfield>
    <subfield code="g">y-gencatlg</subfield>
  </datafield>
  <datafield tag="925" ind1="0" ind2=" ">
    <subfield code="a">acquire</subfield>
    <subfield code="b">2 shelf copies</subfield>
    <subfield code="x">Sel/ddw, 2017-06-01</subfield>
  </datafield>
  <datafield tag="955" ind1=" " ind2=" ">
    <subfield code="b">rk11 2016-09-16 z-processor</subfield>
    <subfield code="i">rk11 2016-09-16</subfield>
  </datafield>
  <datafield tag="010" ind1=" " ind2=" ">
    <subfield code="a">  2016449439</subfield>
  </datafield>
  <datafield tag="020" ind1=" " ind2=" ">
    <subfield code="a">0470526882</subfield>
  </datafield>
  <datafield tag="020" ind1=" " ind2=" ">
    <subfield code="a">9780470526880</subfield>
  </datafield>
  <datafield tag="040" ind1=" " ind2=" ">
    <subfield code="a">DLC</subfield>
    <subfield code="b">eng</subfield>
    <subfield code="c">DLC</subfield>
    <subfield code="e">rda</subfield>
    <subfield code="d">DLC</subfield>
  </datafield>
  <datafield tag="050" ind1="0" ind2="0">
    <subfield code="a">TX763</subfield>
    <subfield code="b">.B525 2016</subfield>
  </datafield>
  <datafield tag="100" ind1="1" ind2=" ">
    <subfield code="a">Bittman, Mark,</subfield>
    <subfield code="e">author.</subfield>
  </datafield>
  <datafield tag="245" ind1="1" ind2="0">
    <subfield code="a">How to bake everything :</subfield>
    <subfield code="b">simple recipes for the best baking /</subfield>
    <subfield code="c">Mark Bittman ; illustrations by Alan Witschonke.</subfield>
  </datafield>
  <datafield tag="264" ind1=" " ind2="1">
    <subfield code="a">Boston ;</subfield>
    <subfield code="a">New York :</subfield>
    <subfield code="b">Houghton Mifflin Harcourt,</subfield>
    <subfield code="c">2016.</subfield>
  </datafield>
  <datafield tag="300" ind1=" " ind2=" ">
    <subfield code="a">703 pages ;</subfield>
    <subfield code="c">24 cm</subfield>
  </datafield>
  <datafield tag="336" ind1=" " ind2=" ">
    <subfield code="a">text</subfield>
    <subfield code="b">txt</subfield>
    <subfield code="2">rdacontent</subfield>
  </datafield>
  <datafield tag="337" ind1=" " ind2=" ">
    <subfield code="a">unmediated</subfield>
    <subfield code="b">n</subfield>
    <subfield code="2">rdamedia</subfield>
  </datafield>
  <datafield tag="338" ind1=" " ind2=" ">
    <subfield code="a">volume</subfield>
    <subfield code="b">nc</subfield>
    <subfield code="2">rdacarrier</subfield>
  </datafield>
  <datafield tag="520" ind1=" " ind2=" ">
    <subfield code="a">In the most comprehensive book of its kind, Mark Bittman offers the ultimate baker&apos;s resource. Finally, here is the simplest way to bake everything, from American favorites (Crunchy Toffee Cookies, Baked Alaska) to of-the-moment updates (Gingerbread Whoopie Pies). It explores global baking, too: Nordic ruis, New Orleans beignets, Afghan snowshoe naan. The recipes satisfy every flavor craving thanks to more than 2,000 recipes and variations: a pound cake can incorporate polenta, yogurt, ricotta, citrus, hazelnuts, ginger, and more. New bakers will appreciate Bittman&apos;s opinionated advice on essential equipment and ingredient substitutions, plus extensive technique illustrations. The pros will find their creativity unleashed with guidance on how to adapt recipes to become vegan, incorporate new grains, improvise tarts, or create customized icebox cakes using a mix-and-match chart. Demystified, deconstructed, and debunked --baking is simpler and more flexible than you ever imagined.</subfield>
  </datafield>
  <datafield tag="500" ind1=" " ind2=" ">
    <subfield code="a">Includes index.</subfield>
  </datafield>
  <datafield tag="650" ind1=" " ind2="0">
    <subfield code="a">Baking.</subfield>
  </datafield>
  <datafield tag="650" ind1=" " ind2="0">
    <subfield code="a">Quick and easy cooking.</subfield>
  </datafield>
  <datafield tag="655" ind1=" " ind2="7">
    <subfield code="a">Cookbooks.</subfield>
    <subfield code="2">lcgft</subfield>
  </datafield>
  <datafield tag="856" ind1="4" ind2="2">
    <subfield code="3">Contributor biographical information</subfield>
    <subfield code="u">https://www.loc.gov/catdir/enhancements/fy1620/2016449439-b.html</subfield>
  </datafield>
  <datafield tag="856" ind1="4" ind2="2">
    <subfield code="3">Publisher description</subfield>
    <subfield code="u">https://www.loc.gov/catdir/enhancements/fy1620/2016449439-d.html</subfield>
  </datafield>
</record>