
<record>
  <leader>04541cam a22005537i 4500</leader>
  <controlfield tag="001">19279926</controlfield>
  <controlfield tag="005">20200103150825.0</controlfield>
  <controlfield tag="008">160920t20162017nyua     b    001 0 eng c</controlfield>
  <datafield tag="906" ind1=" " ind2=" ">
    <subfield code="a">7</subfield>
    <subfield code="b">cbc</subfield>
    <subfield code="c">pccadap</subfield>
    <subfield code="d">2</subfield>
    <subfield code="e">ncip</subfield>
    <subfield code="f">20</subfield>
    <subfield code="g">y-gencatlg</subfield>
  </datafield>
  <datafield tag="925" ind1="0" ind2=" ">
    <subfield code="a">acquire</subfield>
    <subfield code="b">1 shelf copy</subfield>
    <subfield code="x">policy default</subfield>
  </datafield>
  <datafield tag="955" ind1=" " ind2=" ">
    <subfield code="a">pc17 2016-09-20</subfield>
    <subfield code="a">rl00  2017-08-16 to SMA</subfield>
    <subfield code="b">rl02 2017-08-22 z-processor</subfield>
    <subfield code="i">rl02 2017-08-22 to Dewey</subfield>
    <subfield code="w">xm08 2017-10-27 (telework)</subfield>
  </datafield>
  <datafield tag="010" ind1=" " ind2=" ">
    <subfield code="a">  2016954329</subfield>
  </datafield>
  <datafield tag="016" ind1="7" ind2=" ">
    <subfield code="a">101700306</subfield>
    <subfield code="2">DNLM</subfield>
  </datafield>
  <datafield tag="020" ind1=" " ind2=" ">
    <subfield code="a">9781493964529</subfield>
    <subfield code="q">(alk. paper)</subfield>
  </datafield>
  <datafield tag="020" ind1=" " ind2=" ">
    <subfield code="a">1493964526</subfield>
    <subfield code="q">(alk. paper)</subfield>
  </datafield>
  <datafield tag="020" ind1=" " ind2=" ">
    <subfield code="z">9781493964543</subfield>
    <subfield code="q">(eBook)</subfield>
  </datafield>
  <datafield tag="035" ind1=" " ind2=" ">
    <subfield code="a">(OCoLC)ocn951642861</subfield>
  </datafield>
  <datafield tag="040" ind1=" " ind2=" ">
    <subfield code="a">NLM</subfield>
    <subfield code="b">eng</subfield>
    <subfield code="c">NLM</subfield>
    <subfield code="e">rda</subfield>
    <subfield code="d">BTCTA</subfield>
    <subfield code="d">IDL</subfield>
    <subfield code="d">COD</subfield>
    <subfield code="d">GZM</subfield>
    <subfield code="d">IAL</subfield>
    <subfield code="d">STF</subfield>
    <subfield code="d">OCLCF</subfield>
    <subfield code="d">YDXCP</subfield>
    <subfield code="d">OCLCO</subfield>
    <subfield code="d">BDX</subfield>
    <subfield code="d">NLM</subfield>
    <subfield code="d">OCLCO</subfield>
    <subfield code="d">DLC</subfield>
  </datafield>
  <datafield tag="050" ind1="0" ind2="0">
    <subfield code="a">QP624.5.S78</subfield>
    <subfield code="b">A25 2017</subfield>
  </datafield>
  <datafield tag="060" ind1="0" ind2="0">
    <subfield code="a">W1</subfield>
    <subfield code="b">ME9616J v.1500 2017</subfield>
  </datafield>
  <datafield tag="060" ind1="1" ind2="0">
    <subfield code="a">QU 25</subfield>
  </datafield>
  <datafield tag="082" ind1="0" ind2="0">
    <subfield code="a">572.8/6</subfield>
    <subfield code="2">23</subfield>
  </datafield>
  <datafield tag="245" ind1="0" ind2="0">
    <subfield code="a">3D DNA nanostructure :</subfield>
    <subfield code="b">methods and protocols /</subfield>
    <subfield code="c">edited by Yonggang Ke, Pengfei Wang.</subfield>
  </datafield>
  <datafield tag="264" ind1=" " ind2="1">
    <subfield code="a">New York :</subfield>
    <subfield code="b">Humana Press,</subfield>
    <subfield code="c">[2016]</subfield>
  </datafield>
  <datafield tag="264" ind1=" " ind2="4">
    <subfield code="c">©2017</subfield>
  </datafield>
  <datafield tag="300" ind1=" " ind2=" ">
    <subfield code="a">xi, 282 pages :</subfield>
    <subfield code="b">illustrations (chiefly color) ;</subfield>
    <subfield code="c">26 cm.</subfield>
  </datafield>
  <datafield tag="336" ind1=" " ind2=" ">
    <subfield code="a">text</subfield>
    <subfield code="b">txt</subfield>
    <subfield code="2">rdacontent</subfield>
  </datafield>
  <datafield tag="337" ind1=" " ind2=" ">
    <subfield code="a">unmediated</subfield>
    <subfield code="b">n</subfield>
    <subfield code="2">rdamedia</subfield>
  </datafield>
  <datafield tag="338" ind1=" " ind2=" ">
    <subfield code="a">volume</subfield>
    <subfield code="b">nc</subfield>
    <subfield code="2">rdacarrier</subfield>
  </datafield>
  <datafield tag="490" ind1="1" ind2=" ">
    <subfield code="a">Methods in molecular biology,</subfield>
    <subfield code="x">1064-3745 ;</subfield>
    <subfield code="v">1500</subfield>
  </datafield>
  <datafield tag="490" ind1="1" ind2=" ">
    <subfield code="a">Springer protocols</subfield>
  </datafield>
  <datafield tag="504" ind1=" " ind2=" ">
    <subfield code="a">Includes bibliographical references and index.</subfield>
  </datafield>
  <datafield tag="505" ind1="0" ind2=" ">
    <subfield code="a">Designed 3D DNA Crystals -- Three-Dimensional DNA Nanostructures Assembled from DNA Star Motifs -- Design of Wireframe DNA Nanostructures-DNA Gridiron -- Complex DNA Brick Assembly -- Computer-Aided Design of RNA Origami Structures -- Assembling RNA Nanoparticles -- DNA Functionalization of Nanoparticles -- Purification Techniques for Three-Dimensional DNA Nanostructures -- DNA Nanostructure as Smart Carriers for Drug Delivery -- DNA G-Quadruplex-Based Assay of Enzyme Activity -- Assembly of Multi-Enzyme Cascade on a DNA Origami Nanostructure -- Lipid Membrane Encapsulation of a 3D DNA NanoOctahedron -- DNA-PAINT Super-Resolution Imaging for Nucleic Acid Nanostructures -- Designing DNA Nanotube Liquid Crystals as a Weak-Alignment Medium for NMR Structure Determination of Membrane Proteins -- Direct Nanofabrication Using DNA Nanostructure -- Confined Growth of Metal Nanoparticles Within 3D DNA Origami Molds -- DNA-Directed Self-Assembly of Highly Ordered and Dense Single Walled Carbon Nanotube Arrays -- A Proximity-Based Programmable DNA Nanoscale Assembly Line -- DNA Walkers as Transport Vehicles of Nanoparticles Along a Carbon Nanotube Track.</subfield>
  </datafield>
  <datafield tag="520" ind1=" " ind2=" ">
    <subfield code="a">This detailed volume presents a comprehensive technical overview of DNA nanotechnology with an emphasis on 3D DNA nanostructure design and applications. Coverage spans from basic design principles for DNA and RNA nanostructures to their cutting-edge applications in a variety of fields, with the book divided into basic DNA and RNA nanostructure design strategies as well as applications utilizing DNA nanostructures, including but not limited to nanomedicine, bioimaging, biosensing, nanoplasmonics, nanoelectronics, nanofabrication, crystallography, biophysics, and analytical chemistry. Written for the highly successful Methods in Molecular Biology series, chapters include introductions to their respective topics, lists of the necessary materials and reagents, step-by-step, readily reproducible laboratory protocols, and tips on troubleshooting and avoiding known pitfalls. Comprehensive and authoritative, 3D DNA Nanostructure: Methods and Protocols provides the most up-to-date tutorial style overviews and technical style protocols to benefit researchers in a wide variety of areas.--</subfield>
    <subfield code="c">Souce other than the Library Congress.</subfield>
  </datafield>
  <datafield tag="650" ind1=" " ind2="0">
    <subfield code="a">DNA</subfield>
    <subfield code="x">Structure.</subfield>
  </datafield>
  <datafield tag="650" ind1=" " ind2="0">
    <subfield code="a">Nanostructures.</subfield>
  </datafield>
  <datafield tag="650" ind1="1" ind2="2">
    <subfield code="a">DNA</subfield>
    <subfield code="x">ultrastructure.</subfield>
  </datafield>
  <datafield tag="650" ind1="2" ind2="2">
    <subfield code="a">Imaging, Three-Dimensional</subfield>
    <subfield code="x">methods.</subfield>
  </datafield>
  <datafield tag="650" ind1="2" ind2="2">
    <subfield code="a">Nanostructures.</subfield>
  </datafield>
  <datafield tag="655" ind1=" " ind2="2">
    <subfield code="a">Laboratory Manuals.</subfield>
  </datafield>
  <datafield tag="650" ind1=" " ind2="7">
    <subfield code="a">DNA</subfield>
    <subfield code="x">Structure.</subfield>
    <subfield code="2">fast</subfield>
    <subfield code="0">(OCoLC)fst00886576</subfield>
  </datafield>
  <datafield tag="650" ind1=" " ind2="7">
    <subfield code="a">Nanostructures.</subfield>
    <subfield code="2">fast</subfield>
    <subfield code="0">(OCoLC)fst01032635</subfield>
  </datafield>
  <datafield tag="700" ind1="1" ind2=" ">
    <subfield code="a">Ke, Yonggang,</subfield>
    <subfield code="e">editor.</subfield>
  </datafield>
  <datafield tag="700" ind1="1" ind2=" ">
    <subfield code="a">Wang, Pengfei</subfield>
    <subfield code="c">(Biomedical engineer),</subfield>
    <subfield code="e">editor.</subfield>
  </datafield>
  <datafield tag="830" ind1=" " ind2="0">
    <subfield code="a">Methods in molecular biology (Clifton, N.J.) ;</subfield>
    <subfield code="v">v. 1500.</subfield>
    <subfield code="x">1064-3745</subfield>
  </datafield>
  <datafield tag="830" ind1=" " ind2="0">
    <subfield code="a">Springer protocols (Series)</subfield>
    <subfield code="x">1949-2448</subfield>
  </datafield>
  <datafield tag="856" ind1="4" ind2="2">
    <subfield code="3">Table of content</subfield>
    <subfield code="u">http://www.loc.gov/catdir/enhancements/fy1701/2016954329-t.html</subfield>
  </datafield>
  <datafield tag="856" ind1="4" ind2="1">
    <subfield code="z">Available to Stanford-affiliated users at:</subfield>
    <subfield code="u">http://www.springerprotocols.com/BookToc/doi/10.1007/978-1-4939-6454-3</subfield>
    <subfield code="x">purchased</subfield>
  </datafield>
  <datafield tag="856" ind1="4" ind2=" ">
    <subfield code="u">101700306</subfield>
  </datafield>
</record>