
<record>
  <leader>02214cam a2200325 i 4500</leader>
  <controlfield tag="001">19283834</controlfield>
  <controlfield tag="005">20200103120442.0</controlfield>
  <controlfield tag="008">160921s2017    ohua     b    001 0 eng  </controlfield>
  <datafield tag="906" ind1=" " ind2=" ">
    <subfield code="a">7</subfield>
    <subfield code="b">cbc</subfield>
    <subfield code="c">orignew</subfield>
    <subfield code="d">1</subfield>
    <subfield code="e">ecip</subfield>
    <subfield code="f">20</subfield>
    <subfield code="g">y-gencatlg</subfield>
  </datafield>
  <datafield tag="925" ind1="0" ind2=" ">
    <subfield code="a">acquire</subfield>
    <subfield code="b">1 shelf copy</subfield>
    <subfield code="x">policy default</subfield>
    <subfield code="e">claim1  2017-06-29</subfield>
    <subfield code="e">claim2  2018-01-24</subfield>
    <subfield code="e">to CAD  2018-06-28</subfield>
  </datafield>
  <datafield tag="955" ind1=" " ind2=" ">
    <subfield code="b">rk10 2016-09-21</subfield>
    <subfield code="c">rk10 2016-09-21 to subject</subfield>
    <subfield code="d">rk02 2016-10-06 to Dewey (telework)</subfield>
    <subfield code="w">xm07 2016-10-06</subfield>
    <subfield code="a">xn11 2019-11-04 1 copy rec&apos;d., to CIP ver.</subfield>
    <subfield code="f">rk06 2020-01-03 telework to BCCD</subfield>
  </datafield>
  <datafield tag="010" ind1=" " ind2=" ">
    <subfield code="a">  2016043177</subfield>
  </datafield>
  <datafield tag="020" ind1=" " ind2=" ">
    <subfield code="a">9781632531261 (trade paper : alk. paper)</subfield>
  </datafield>
  <datafield tag="040" ind1=" " ind2=" ">
    <subfield code="a">DLC</subfield>
    <subfield code="b">eng</subfield>
    <subfield code="c">DLC</subfield>
    <subfield code="e">rda</subfield>
    <subfield code="d">DLC</subfield>
  </datafield>
  <datafield tag="042" ind1=" " ind2=" ">
    <subfield code="a">pcc</subfield>
  </datafield>
  <datafield tag="050" ind1="0" ind2="0">
    <subfield code="a">BT205</subfield>
    <subfield code="b">.V25 2017</subfield>
  </datafield>
  <datafield tag="082" ind1="0" ind2="0">
    <subfield code="a">232.9/57</subfield>
    <subfield code="2">23</subfield>
  </datafield>
  <datafield tag="100" ind1="1" ind2=" ">
    <subfield code="a">Vaghi, Peter J.,</subfield>
    <subfield code="e">author.</subfield>
  </datafield>
  <datafield tag="245" ind1="1" ind2="0">
    <subfield code="a">Meeting God in the Upper Room :</subfield>
    <subfield code="b">three moments to change your life /</subfield>
    <subfield code="c">Peter J. Vaghi.</subfield>
  </datafield>
  <datafield tag="264" ind1=" " ind2="1">
    <subfield code="a">Cincinnati, Ohio :</subfield>
    <subfield code="b">Servant,</subfield>
    <subfield code="c">[2017]</subfield>
  </datafield>
  <datafield tag="300" ind1=" " ind2=" ">
    <subfield code="a">xxiii, 116 pages :</subfield>
    <subfield code="b">illustrations ;</subfield>
    <subfield code="c">22 cm</subfield>
  </datafield>
  <datafield tag="336" ind1=" " ind2=" ">
    <subfield code="a">text</subfield>
    <subfield code="b">txt</subfield>
    <subfield code="2">rdacontent</subfield>
  </datafield>
  <datafield tag="337" ind1=" " ind2=" ">
    <subfield code="a">unmediated</subfield>
    <subfield code="b">n</subfield>
    <subfield code="2">rdamedia</subfield>
  </datafield>
  <datafield tag="338" ind1=" " ind2=" ">
    <subfield code="a">volume</subfield>
    <subfield code="b">nc</subfield>
    <subfield code="2">rdacarrier</subfield>
  </datafield>
  <datafield tag="504" ind1=" " ind2=" ">
    <subfield code="a">Includes bibliographical references.</subfield>
  </datafield>
  <datafield tag="505" ind1="0" ind2=" ">
    <subfield code="a">The most important room in Christendom -- The Upper Room, the Last Supper -- Finding the room: preparing for the Last Supper and for the mass today -- Jesus institutes two sacraments, Eucharist and Holy Orders -- A closer look at varied personalities at the Last Supper -- Jesus washes his disciples&apos; feet -- Foot washing as an icon of Catholic social teaching -- Last Supper discourses of love and the prayer of Jesus -- Term of endearment: Jesus calls apostles friends -- The Upper Room, post-Resurrection appearances -- The coming of the Holy Spirit -- Jesus forgives sins: the institution of the sacrament of Penance -- Jesus, the face of the Father&apos;s loving mercy -- Thomas&apos;s profession of faith -- Pentecost and its effects -- Mary in the Upper Room, praying for the Holy Spirit -- Tongues of fire and the coming of the Holy Spirit -- Filled with the Holy Spirit, they left to become bold witnesses.</subfield>
  </datafield>
  <datafield tag="600" ind1="0" ind2="0">
    <subfield code="a">Jesus Christ.</subfield>
  </datafield>
  <datafield tag="610" ind1="2" ind2="0">
    <subfield code="a">Catholic Church</subfield>
    <subfield code="x">Doctrines.</subfield>
  </datafield>
  <datafield tag="610" ind1="2" ind2="0">
    <subfield code="a">Catholic Church</subfield>
    <subfield code="x">Customs and practices.</subfield>
  </datafield>
  <datafield tag="650" ind1=" " ind2="0">
    <subfield code="a">Cenacle (Jerusalem)</subfield>
  </datafield>
</record>