
<record>
  <leader>03258cam a22004937i 4500</leader>
  <controlfield tag="001">19287683</controlfield>
  <controlfield tag="005">20200103150826.0</controlfield>
  <controlfield tag="008">160923s2016    onc      b    001 0 eng c</controlfield>
  <datafield tag="906" ind1=" " ind2=" ">
    <subfield code="a">7</subfield>
    <subfield code="b">cbc</subfield>
    <subfield code="c">pccadap</subfield>
    <subfield code="d">2</subfield>
    <subfield code="e">ncip</subfield>
    <subfield code="f">20</subfield>
    <subfield code="g">y-gencatlg</subfield>
  </datafield>
  <datafield tag="925" ind1="0" ind2=" ">
    <subfield code="a">acquire</subfield>
    <subfield code="b">1 shelf copy</subfield>
    <subfield code="x">policy default</subfield>
  </datafield>
  <datafield tag="955" ind1=" " ind2=" ">
    <subfield code="b">rl06 2016-09-23 z-processor</subfield>
    <subfield code="i">rl06 2016-09-23 to BCCD</subfield>
  </datafield>
  <datafield tag="010" ind1=" " ind2=" ">
    <subfield code="a">  2016302688</subfield>
  </datafield>
  <datafield tag="016" ind1="7" ind2=" ">
    <subfield code="a">101689203</subfield>
    <subfield code="2">DNLM</subfield>
  </datafield>
  <datafield tag="016" ind1=" " ind2=" ">
    <subfield code="a">20169003914</subfield>
  </datafield>
  <datafield tag="020" ind1=" " ind2=" ">
    <subfield code="a">9781442629141</subfield>
    <subfield code="q">(pbk. :</subfield>
    <subfield code="q">alk. paper)</subfield>
  </datafield>
  <datafield tag="020" ind1=" " ind2=" ">
    <subfield code="a">1442629142</subfield>
    <subfield code="q">(pbk. :</subfield>
    <subfield code="q">alk. paper)</subfield>
  </datafield>
  <datafield tag="035" ind1=" " ind2=" ">
    <subfield code="a">(OCoLC)ocn939203409</subfield>
  </datafield>
  <datafield tag="040" ind1=" " ind2=" ">
    <subfield code="a">NLM</subfield>
    <subfield code="b">eng</subfield>
    <subfield code="c">NLM</subfield>
    <subfield code="e">rda</subfield>
    <subfield code="d">NLC</subfield>
    <subfield code="d">YDXCP</subfield>
    <subfield code="d">BTCTA</subfield>
    <subfield code="d">BDX</subfield>
    <subfield code="d">OCLCF</subfield>
    <subfield code="d">DLC</subfield>
  </datafield>
  <datafield tag="043" ind1=" " ind2=" ">
    <subfield code="a">n-cn---</subfield>
    <subfield code="a">n-us---</subfield>
  </datafield>
  <datafield tag="050" ind1="0" ind2="0">
    <subfield code="a">RA972</subfield>
    <subfield code="b">.P48 2016</subfield>
  </datafield>
  <datafield tag="055" ind1=" " ind2="0">
    <subfield code="a">R840</subfield>
    <subfield code="b">P48 2016</subfield>
  </datafield>
  <datafield tag="060" ind1="0" ind2="0">
    <subfield code="a">2016 G-021</subfield>
  </datafield>
  <datafield tag="060" ind1="1" ind2="0">
    <subfield code="a">W 20</subfield>
  </datafield>
  <datafield tag="100" ind1="1" ind2=" ">
    <subfield code="a">Peterkin, Allan,</subfield>
    <subfield code="e">author.</subfield>
  </datafield>
  <datafield tag="245" ind1="1" ind2="0">
    <subfield code="a">Staying human during residency training :</subfield>
    <subfield code="b">how to survive and thrive after medical school /</subfield>
    <subfield code="c">Allan D. Peterkin.</subfield>
  </datafield>
  <datafield tag="250" ind1=" " ind2=" ">
    <subfield code="a">Sixth edition.</subfield>
  </datafield>
  <datafield tag="264" ind1=" " ind2="1">
    <subfield code="a">Toronto ;</subfield>
    <subfield code="a">Buffalo ;</subfield>
    <subfield code="a">London :</subfield>
    <subfield code="b">University of Toronto Press,</subfield>
    <subfield code="c">2016.</subfield>
  </datafield>
  <datafield tag="300" ind1=" " ind2=" ">
    <subfield code="a">xviii, 271 pages ;</subfield>
    <subfield code="c">23 cm.</subfield>
  </datafield>
  <datafield tag="336" ind1=" " ind2=" ">
    <subfield code="a">text</subfield>
    <subfield code="b">txt</subfield>
    <subfield code="2">rdacontent</subfield>
  </datafield>
  <datafield tag="337" ind1=" " ind2=" ">
    <subfield code="a">unmediated</subfield>
    <subfield code="b">n</subfield>
    <subfield code="2">rdamedia</subfield>
  </datafield>
  <datafield tag="338" ind1=" " ind2=" ">
    <subfield code="a">volume</subfield>
    <subfield code="b">nc</subfield>
    <subfield code="2">rdacarrier</subfield>
  </datafield>
  <datafield tag="504" ind1=" " ind2=" ">
    <subfield code="a">Includes bibliographical references and index.</subfield>
  </datafield>
  <datafield tag="520" ind1=" " ind2=" ">
    <subfield code="a">&quot;The ultimate survival guide for medical students, interns, residents, and fellows, Staying Human during Residency Training provides time-tested advice and the latest information on every aspect of a resident&apos;s life--from choosing a residency program, to coping with stress, enhancing self-care, and protecting personal and professional relationships. Allan D. Peterkin, MD, provides hundreds of tips on how to cope with sleep deprivation, time pressures, and ethical and legal issues. This sixth edition is not only updated to reflect the latest research and resources, but also features new material on the latest issues in residency training, including social media use, patient-centred care, the medical humanities, and the &quot;hidden curriculum&quot; of residency. Presenting practical antidotes to cynicism, careerism, and burnout, Peterkin also offers guidance on fostering more empathic connection with patients and deepening relationships with colleagues, friends, and family. Acknowledged by thousands of doctors across North America as an invaluable resource, Staying Human during Residency Training has helped to shape notions of trainee well-being for medical educators worldwide. Offering wise, compassionate, and professional counsel, this new edition again shows why it is required reading for medical students and new physicians pursuing postgraduate training.&quot;--</subfield>
    <subfield code="c">Provided by publisher.</subfield>
  </datafield>
  <datafield tag="650" ind1=" " ind2="0">
    <subfield code="a">Residents (Medicine)</subfield>
    <subfield code="z">Canada</subfield>
    <subfield code="v">Life skills guides.</subfield>
  </datafield>
  <datafield tag="650" ind1=" " ind2="0">
    <subfield code="a">Residents (Medicine)</subfield>
    <subfield code="z">United States</subfield>
    <subfield code="v">Life skills guides.</subfield>
  </datafield>
  <datafield tag="650" ind1="1" ind2="2">
    <subfield code="a">Internship and Residency</subfield>
  </datafield>
  <datafield tag="650" ind1="2" ind2="2">
    <subfield code="a">Stress, Psychological</subfield>
    <subfield code="x">prevention &amp; control</subfield>
  </datafield>
  <datafield tag="650" ind1="2" ind2="2">
    <subfield code="a">Students, Medical</subfield>
    <subfield code="x">psychology</subfield>
  </datafield>
  <datafield tag="650" ind1="2" ind2="2">
    <subfield code="a">Vocational Guidance</subfield>
  </datafield>
  <datafield tag="650" ind1="2" ind2="2">
    <subfield code="a">Health Behavior</subfield>
  </datafield>
  <datafield tag="650" ind1=" " ind2="7">
    <subfield code="a">Residents (Medicine)</subfield>
    <subfield code="2">fast</subfield>
    <subfield code="0">(OCoLC)fst01095548</subfield>
  </datafield>
  <datafield tag="651" ind1=" " ind2="7">
    <subfield code="a">Canada.</subfield>
    <subfield code="2">fast</subfield>
    <subfield code="0">(OCoLC)fst01204310</subfield>
  </datafield>
  <datafield tag="651" ind1=" " ind2="7">
    <subfield code="a">United States.</subfield>
    <subfield code="2">fast</subfield>
    <subfield code="0">(OCoLC)fst01204155</subfield>
  </datafield>
  <datafield tag="655" ind1=" " ind2="7">
    <subfield code="a">Life skills guides.</subfield>
    <subfield code="2">fast</subfield>
    <subfield code="0">(OCoLC)fst01423810</subfield>
  </datafield>
</record>