
<record>
  <leader>02167cam a22004337i 4500</leader>
  <controlfield tag="001">19288414</controlfield>
  <controlfield tag="005">20200103150826.0</controlfield>
  <controlfield tag="008">160922s2016    cc       b    000 0 chi  </controlfield>
  <datafield tag="906" ind1=" " ind2=" ">
    <subfield code="a">7</subfield>
    <subfield code="b">cbc</subfield>
    <subfield code="c">orignew</subfield>
    <subfield code="d">3</subfield>
    <subfield code="e">ncip</subfield>
    <subfield code="f">20</subfield>
    <subfield code="g">y-nonroman</subfield>
  </datafield>
  <datafield tag="925" ind1="0" ind2=" ">
    <subfield code="a">acquire</subfield>
    <subfield code="b">1 shelf copy</subfield>
    <subfield code="x">policy default</subfield>
  </datafield>
  <datafield tag="955" ind1=" " ind2=" ">
    <subfield code="a">CNP to LC 2016-09-23</subfield>
    <subfield code="i">cc18 2017-02-16 to Asian</subfield>
    <subfield code="t">cc17 2017-02-28 duplicate copy to Surplus</subfield>
  </datafield>
  <datafield tag="010" ind1=" " ind2=" ">
    <subfield code="a">  2016377450</subfield>
  </datafield>
  <datafield tag="020" ind1=" " ind2=" ">
    <subfield code="a">9787567623699</subfield>
  </datafield>
  <datafield tag="020" ind1=" " ind2=" ">
    <subfield code="a">7567623692</subfield>
  </datafield>
  <datafield tag="035" ind1=" " ind2=" ">
    <subfield code="a">(OCoLC)ocn958927628</subfield>
  </datafield>
  <datafield tag="035" ind1=" " ind2=" ">
    <subfield code="a">(OCoLC)958927628</subfield>
  </datafield>
  <datafield tag="040" ind1=" " ind2=" ">
    <subfield code="a">DLC</subfield>
    <subfield code="b">eng</subfield>
    <subfield code="e">rda</subfield>
    <subfield code="c">DLC</subfield>
    <subfield code="d">DLC</subfield>
  </datafield>
  <datafield tag="043" ind1=" " ind2=" ">
    <subfield code="a">a-cc---</subfield>
  </datafield>
  <datafield tag="050" ind1="0" ind2="0">
    <subfield code="a">HB801</subfield>
    <subfield code="b">.W388 2016</subfield>
  </datafield>
  <datafield tag="066" ind1=" " ind2=" ">
    <subfield code="c">$1</subfield>
  </datafield>
  <datafield tag="100" ind1="1" ind2=" ">
    <subfield code="6">880-01</subfield>
    <subfield code="a">Wei, Hongxia,</subfield>
    <subfield code="d">1973-</subfield>
    <subfield code="e">author.</subfield>
  </datafield>
  <datafield tag="880" ind1="1" ind2=" ">
    <subfield code="6">100-01/$1</subfield>
    <subfield code="a">魏红霞,</subfield>
    <subfield code="d">1973-</subfield>
    <subfield code="e">author.</subfield>
  </datafield>
  <datafield tag="245" ind1="1" ind2="0">
    <subfield code="6">880-02</subfield>
    <subfield code="a">Xiao fei zhu yi ji qi zai Zhongguo chuan bo de jia zhi guan ying xiang yan jiu =</subfield>
    <subfield code="b">Xiaofei zhuyi ji qi zai Zhongguo chuanbo de jiazhiguan yingxiang yanjiu /</subfield>
    <subfield code="c">Wei Hongxia zhu.</subfield>
  </datafield>
  <datafield tag="880" ind1="1" ind2="0">
    <subfield code="6">245-02/$1</subfield>
    <subfield code="a">消费主义及其在中国传播的价值观影响研究 =</subfield>
    <subfield code="b">Xiaofei zhuyi ji qi zai Zhongguo chuanbo de jiazhiguan yingxiang yanjiu /</subfield>
    <subfield code="c">魏红霞著.</subfield>
  </datafield>
  <datafield tag="246" ind1="3" ind2="1">
    <subfield code="a">Xiaofei zhuyi ji qi zai Zhongguo chuanbo de jiazhiguan yingxiang yanjiu</subfield>
  </datafield>
  <datafield tag="250" ind1=" " ind2=" ">
    <subfield code="6">880-03</subfield>
    <subfield code="a">Di 1 ban.</subfield>
  </datafield>
  <datafield tag="880" ind1=" " ind2=" ">
    <subfield code="6">250-03/$1</subfield>
    <subfield code="a">第 1 版.</subfield>
  </datafield>
  <datafield tag="264" ind1=" " ind2="1">
    <subfield code="6">880-04</subfield>
    <subfield code="a">Wuhu Shi :</subfield>
    <subfield code="b">Anhui shi fan da xue chu ban she,</subfield>
    <subfield code="c">2016.</subfield>
  </datafield>
  <datafield tag="880" ind1=" " ind2="1">
    <subfield code="6">264-04/$1</subfield>
    <subfield code="a">芜湖市 :</subfield>
    <subfield code="b">安徽师范大学出版社,</subfield>
    <subfield code="c">2016.</subfield>
  </datafield>
  <datafield tag="300" ind1=" " ind2=" ">
    <subfield code="a">2, 4, 230 pages ;</subfield>
    <subfield code="c">24 cm</subfield>
  </datafield>
  <datafield tag="336" ind1=" " ind2=" ">
    <subfield code="a">text</subfield>
    <subfield code="b">txt</subfield>
    <subfield code="2">rdacontent</subfield>
  </datafield>
  <datafield tag="337" ind1=" " ind2=" ">
    <subfield code="a">unmediated</subfield>
    <subfield code="b">n</subfield>
    <subfield code="2">rdamedia</subfield>
  </datafield>
  <datafield tag="338" ind1=" " ind2=" ">
    <subfield code="a">volume</subfield>
    <subfield code="b">nc</subfield>
    <subfield code="2">rdacarrier</subfield>
  </datafield>
  <datafield tag="500" ind1=" " ind2=" ">
    <subfield code="6">880-05</subfield>
    <subfield code="a">&quot;Jiao yu bu ren wen she hui ke xue yan jiu qing nian ji jin xiang mu &apos;xiao fei zhu yi ji qi zai Zhongguo chuan bo de jia zhi guan ying xiang yan jiu&apos; ( 12YJC710068 ) jie duan xing cheng guo&quot;-Title page.</subfield>
  </datafield>
  <datafield tag="880" ind1=" " ind2=" ">
    <subfield code="6">500-05/$1</subfield>
    <subfield code="a">&quot;教育部人文社会科学研究青年基金项目&apos;消费主义及其在中国传播的价值观影响研究&apos; ( 12YJC710068 ) 阶段性成果&quot;-Title page.</subfield>
  </datafield>
  <datafield tag="504" ind1=" " ind2=" ">
    <subfield code="a">Includes bibliographical references.</subfield>
  </datafield>
  <datafield tag="650" ind1=" " ind2="0">
    <subfield code="a">Consumption (Economics)</subfield>
    <subfield code="z">China.</subfield>
  </datafield>
  <datafield tag="923" ind1=" " ind2=" ">
    <subfield code="d">20160822</subfield>
    <subfield code="n">T201600712</subfield>
    <subfield code="s">CNP</subfield>
  </datafield>
  <datafield tag="985" ind1=" " ind2=" ">
    <subfield code="a">CNP Load-new</subfield>
    <subfield code="d">2016-09-23</subfield>
  </datafield>
</record>