
<record>
  <leader>04487cam a22005897i 4500</leader>
  <controlfield tag="001">19290034</controlfield>
  <controlfield tag="005">20200103150828.0</controlfield>
  <controlfield tag="008">160926t20162016enka     bc   000 0deng c</controlfield>
  <datafield tag="906" ind1=" " ind2=" ">
    <subfield code="a">7</subfield>
    <subfield code="b">cbc</subfield>
    <subfield code="c">pccadap</subfield>
    <subfield code="d">2</subfield>
    <subfield code="e">ncip</subfield>
    <subfield code="f">20</subfield>
    <subfield code="g">y-gencatlg</subfield>
  </datafield>
  <datafield tag="925" ind1="0" ind2=" ">
    <subfield code="a">acquire</subfield>
    <subfield code="b">1 shelf copy</subfield>
    <subfield code="x">policy default</subfield>
  </datafield>
  <datafield tag="955" ind1=" " ind2=" ">
    <subfield code="b">rk47 2016-09-26 z-processor to USASH/ART</subfield>
    <subfield code="i">rk11 2019-03-15 to Dewey</subfield>
  </datafield>
  <datafield tag="010" ind1=" " ind2=" ">
    <subfield code="a">  2016462268</subfield>
  </datafield>
  <datafield tag="020" ind1=" " ind2=" ">
    <subfield code="a">9780714870465</subfield>
    <subfield code="q">(paperback)</subfield>
  </datafield>
  <datafield tag="020" ind1=" " ind2=" ">
    <subfield code="a">0714870463</subfield>
    <subfield code="q">(paperback)</subfield>
  </datafield>
  <datafield tag="035" ind1=" " ind2=" ">
    <subfield code="a">(OCoLC)ocn930797762</subfield>
  </datafield>
  <datafield tag="040" ind1=" " ind2=" ">
    <subfield code="a">ERASA</subfield>
    <subfield code="b">eng</subfield>
    <subfield code="e">rda</subfield>
    <subfield code="c">ERASA</subfield>
    <subfield code="d">YDXCP</subfield>
    <subfield code="d">BTCTA</subfield>
    <subfield code="d">BDX</subfield>
    <subfield code="d">OCLCQ</subfield>
    <subfield code="d">NYP</subfield>
    <subfield code="d">OCLCQ</subfield>
    <subfield code="d">OSU</subfield>
    <subfield code="d">OCLCF</subfield>
    <subfield code="d">VP@</subfield>
    <subfield code="d">UX0</subfield>
    <subfield code="d">COO</subfield>
    <subfield code="d">CHVBK</subfield>
    <subfield code="d">UBY</subfield>
    <subfield code="d">DLC</subfield>
  </datafield>
  <datafield tag="050" ind1="0" ind2="0">
    <subfield code="a">N6537.S99</subfield>
    <subfield code="b">A4 2016</subfield>
  </datafield>
  <datafield tag="245" ind1="0" ind2="0">
    <subfield code="a">Sarah Sze /</subfield>
    <subfield code="c">Okwui Enwezor, Benjamin H.D. Buchloh, Laura Hoptman.</subfield>
  </datafield>
  <datafield tag="264" ind1=" " ind2="1">
    <subfield code="a">London ;</subfield>
    <subfield code="a">New York, NY :</subfield>
    <subfield code="b">Phaidon,</subfield>
    <subfield code="c">2016.</subfield>
  </datafield>
  <datafield tag="264" ind1=" " ind2="4">
    <subfield code="c">©2016</subfield>
  </datafield>
  <datafield tag="300" ind1=" " ind2=" ">
    <subfield code="a">158 pages :</subfield>
    <subfield code="b">color illustrations ;</subfield>
    <subfield code="c">30 cm</subfield>
  </datafield>
  <datafield tag="336" ind1=" " ind2=" ">
    <subfield code="a">text</subfield>
    <subfield code="b">txt</subfield>
    <subfield code="2">rdacontent</subfield>
  </datafield>
  <datafield tag="336" ind1=" " ind2=" ">
    <subfield code="a">still image</subfield>
    <subfield code="b">sti</subfield>
    <subfield code="2">rdacontent</subfield>
  </datafield>
  <datafield tag="337" ind1=" " ind2=" ">
    <subfield code="a">unmediated</subfield>
    <subfield code="b">n</subfield>
    <subfield code="2">rdamedia</subfield>
  </datafield>
  <datafield tag="338" ind1=" " ind2=" ">
    <subfield code="a">volume</subfield>
    <subfield code="b">nc</subfield>
    <subfield code="2">rdacarrier</subfield>
  </datafield>
  <datafield tag="490" ind1="1" ind2=" ">
    <subfield code="a">Contemporary Artists Series</subfield>
  </datafield>
  <datafield tag="504" ind1=" " ind2=" ">
    <subfield code="a">Includes bibliographical references (page 157).</subfield>
  </datafield>
  <datafield tag="520" ind1="8" ind2=" ">
    <subfield code="a">The first substantial monograph on an artist whose sculptures capture the proliferation of information and objects in contemporary life. Sarah Sze (b. Boston, 1969, lives and works in New York) has developed a sculptural aesthetic that transforms space through radical shifts in scale, colonizing peripheral spaces, engaging with the history of a building, and altering the viewer&apos;s perception and experience of architecture through large, site-specific interventions. Known for her unexpected and carefully arranged combinations of materials, from cotton buds and tea bags to water bottles and ladders, light bulbs and electric fans, Sze has presented ephemeral installations that penetrate walls, suspend from ceilings and burrow into the ground. Her work exists at the intersection of sculpture, drawing and architecture where her formal interest in light, air and movement is coupled with an intuitive understanding of colour and texture. Like the scientific instruments of measurement they often reference, Sze&apos;s sculptures attempt to quantify and organize the universe, ascribing a fragile, personal system of order. Within her practice, sculpture becomes both a device for organizing and dismantling information and a mechanism to locate and dislocate oneself in time and space. Sze received a BA from Yale University in Connecticut in 1991 and an MFA from New York&apos;s School of Visual Arts in 1997. She is represented by Tanya Bonakdar in New York and Victoria Miro in London. In 2013 she represented the United States at the 55th Venice Biennale. She was the recipient of a MacArthur Fellows Program Genius Grant in 2003 and of the AICA Award for Best Project in a Public Space in 2012.</subfield>
  </datafield>
  <datafield tag="505" ind1="2" ind2=" ">
    <subfield code="a">Interview / Okwui Enwezor in conversation with Sarah Sze -- Survey. Surplus sculpture / Benjamin H.D. Buchloh -- Focus. The pragmatist&apos;s maxim : Sarah Sze&apos;s Triple point / Laura Hoptman -- Artist&apos;s choice -- Artist&apos;s writings. Interview with Hans Ulrich Obrist, 1998; Interview with Rirkrit Tiravanija (extract), 2013.</subfield>
  </datafield>
  <datafield tag="600" ind1="1" ind2="0">
    <subfield code="a">Sze, Sarah,</subfield>
    <subfield code="d">1969-</subfield>
    <subfield code="v">Catalogs.</subfield>
  </datafield>
  <datafield tag="600" ind1="1" ind2="0">
    <subfield code="a">Sze, Sarah,</subfield>
    <subfield code="d">1969-</subfield>
    <subfield code="x">Criticism and interpretation.</subfield>
  </datafield>
  <datafield tag="600" ind1="1" ind2="0">
    <subfield code="a">Sze, Sarah,</subfield>
    <subfield code="d">1969-</subfield>
    <subfield code="v">Interviews.</subfield>
  </datafield>
  <datafield tag="600" ind1="1" ind2="7">
    <subfield code="a">Sze, Sarah,</subfield>
    <subfield code="d">1969-</subfield>
    <subfield code="2">fast</subfield>
    <subfield code="0">(OCoLC)fst00436960</subfield>
  </datafield>
  <datafield tag="650" ind1=" " ind2="7">
    <subfield code="a">Artists.</subfield>
    <subfield code="2">fast</subfield>
    <subfield code="0">(OCoLC)fst00817559</subfield>
  </datafield>
  <datafield tag="650" ind1=" " ind2="7">
    <subfield code="a">Arts, Modern.</subfield>
    <subfield code="2">fast</subfield>
    <subfield code="0">(OCoLC)fst00818137</subfield>
  </datafield>
  <datafield tag="650" ind1=" " ind2="7">
    <subfield code="a">Installations (Art)</subfield>
    <subfield code="2">fast</subfield>
    <subfield code="0">(OCoLC)fst00974250</subfield>
  </datafield>
  <datafield tag="650" ind1=" " ind2="7">
    <subfield code="a">Sculpture.</subfield>
    <subfield code="2">fast</subfield>
    <subfield code="0">(OCoLC)fst01109483</subfield>
  </datafield>
  <datafield tag="650" ind1=" " ind2="7">
    <subfield code="a">Themes, motives.</subfield>
    <subfield code="2">fast</subfield>
    <subfield code="0">(OCoLC)fst01355139</subfield>
  </datafield>
  <datafield tag="651" ind1=" " ind2="7">
    <subfield code="a">United States.</subfield>
    <subfield code="2">fast</subfield>
    <subfield code="0">(OCoLC)fst01204155</subfield>
  </datafield>
  <datafield tag="648" ind1=" " ind2="7">
    <subfield code="a">1900-2099</subfield>
    <subfield code="2">fast</subfield>
  </datafield>
  <datafield tag="655" ind1=" " ind2="7">
    <subfield code="a">Interviews.</subfield>
    <subfield code="2">fast</subfield>
    <subfield code="0">(OCoLC)fst01423832</subfield>
  </datafield>
  <datafield tag="655" ind1=" " ind2="7">
    <subfield code="a">Pictorial works.</subfield>
    <subfield code="2">fast</subfield>
    <subfield code="0">(OCoLC)fst01423874</subfield>
  </datafield>
  <datafield tag="600" ind1="1" ind2="7">
    <subfield code="a">Sze, Sarah,</subfield>
    <subfield code="d">1969-</subfield>
    <subfield code="2">gnd</subfield>
    <subfield code="0">(DE-588)120959062</subfield>
  </datafield>
  <datafield tag="650" ind1=" " ind2="7">
    <subfield code="a">Plastik.</subfield>
    <subfield code="2">gnd</subfield>
    <subfield code="0">(DE-588)4046277-8</subfield>
  </datafield>
  <datafield tag="650" ind1=" " ind2="7">
    <subfield code="a">Installation.</subfield>
    <subfield code="2">gnd</subfield>
    <subfield code="0">(DE-588)4131808-0</subfield>
  </datafield>
  <datafield tag="700" ind1="1" ind2=" ">
    <subfield code="a">Enwezor, Okwui,</subfield>
    <subfield code="e">interviewer.</subfield>
  </datafield>
  <datafield tag="700" ind1="1" ind2=" ">
    <subfield code="a">Buchloh, B. H. D.,</subfield>
    <subfield code="e">author.</subfield>
  </datafield>
  <datafield tag="700" ind1="1" ind2=" ">
    <subfield code="a">Hoptman, Laura J.,</subfield>
    <subfield code="d">1962-</subfield>
    <subfield code="e">author.</subfield>
  </datafield>
  <datafield tag="700" ind1="1" ind2="2">
    <subfield code="a">Sze, Sarah,</subfield>
    <subfield code="d">1969- Works.</subfield>
    <subfield code="k">Selections.</subfield>
  </datafield>
  <datafield tag="830" ind1=" " ind2="0">
    <subfield code="a">Contemporary artists.</subfield>
  </datafield>
  <datafield tag="856" ind1="4" ind2="2">
    <subfield code="3">Contributor biographical information</subfield>
    <subfield code="u">https://www.loc.gov/catdir/enhancements/fy1621/2016462268-b.html</subfield>
  </datafield>
  <datafield tag="856" ind1="4" ind2="2">
    <subfield code="3">Publisher description</subfield>
    <subfield code="u">https://www.loc.gov/catdir/enhancements/fy1621/2016462268-d.html</subfield>
  </datafield>
</record>