
<record>
  <leader>01757cam a22003497i 4500</leader>
  <controlfield tag="001">19290866</controlfield>
  <controlfield tag="005">20200103150829.0</controlfield>
  <controlfield tag="008">160926s2016    scuab         001 0 eng  </controlfield>
  <datafield tag="906" ind1=" " ind2=" ">
    <subfield code="a">7</subfield>
    <subfield code="b">cbc</subfield>
    <subfield code="c">orignew</subfield>
    <subfield code="d">2</subfield>
    <subfield code="e">epcn</subfield>
    <subfield code="f">20</subfield>
    <subfield code="g">y-gencatlg</subfield>
  </datafield>
  <datafield tag="925" ind1="0" ind2=" ">
    <subfield code="a">acquire</subfield>
    <subfield code="b">1 shelf copy</subfield>
    <subfield code="x">policy default</subfield>
  </datafield>
  <datafield tag="955" ind1=" " ind2=" ">
    <subfield code="a">pc27 2016-09-26</subfield>
    <subfield code="a">xn11 2017-02-15 1 copy rec&apos;d., to USASH</subfield>
    <subfield code="i">cd04 2017-03-03 telework to cd08 for NAR</subfield>
    <subfield code="a">cd04 2017-03-08 telework corrections made</subfield>
    <subfield code="e">cd04 2017-03-08 telework to cd08 for NAR ;</subfield>
    <subfield code="a">cd08 2017-03-09 creatd nar n 2017013593 to cd04;</subfield>
    <subfield code="a">cd04 2017-03-13 to MBRS</subfield>
    <subfield code="e">vk67 2017-04-19 book to BCCD; ;videorecording to MBRS for processing</subfield>
  </datafield>
  <datafield tag="010" ind1=" " ind2=" ">
    <subfield code="a">  2016955025</subfield>
  </datafield>
  <datafield tag="020" ind1=" " ind2=" ">
    <subfield code="a">9780692786185</subfield>
  </datafield>
  <datafield tag="040" ind1=" " ind2=" ">
    <subfield code="a">DLC</subfield>
    <subfield code="b">eng</subfield>
    <subfield code="e">rda</subfield>
    <subfield code="c">DLC</subfield>
    <subfield code="d">DLC</subfield>
  </datafield>
  <datafield tag="043" ind1=" " ind2=" ">
    <subfield code="a">n-us-ny</subfield>
  </datafield>
  <datafield tag="050" ind1="0" ind2="0">
    <subfield code="a">F129.G694</subfield>
    <subfield code="b">T35 2016</subfield>
  </datafield>
  <datafield tag="100" ind1="1" ind2=" ">
    <subfield code="a">Talansky, Sue,</subfield>
    <subfield code="e">author.</subfield>
  </datafield>
  <datafield tag="245" ind1="1" ind2="0">
    <subfield code="a">Ordinary objects | enduring legacies :</subfield>
    <subfield code="b">the Great Neck collection /</subfield>
    <subfield code="c">edited by Sue Talansky.</subfield>
  </datafield>
  <datafield tag="246" ind1="3" ind2=" ">
    <subfield code="a">A collection of Holocaust related artifacts gathered from members and friends of the Young Israel of Great Neck</subfield>
  </datafield>
  <datafield tag="250" ind1=" " ind2=" ">
    <subfield code="a">First edition.</subfield>
  </datafield>
  <datafield tag="264" ind1=" " ind2="1">
    <subfield code="a">Charleston, South Carolina :</subfield>
    <subfield code="b">Drew design &amp; printing co., Inc.,</subfield>
    <subfield code="c">2016.</subfield>
  </datafield>
  <datafield tag="300" ind1=" " ind2=" ">
    <subfield code="a">219 pages :</subfield>
    <subfield code="b">illlustrations (some color), map ;</subfield>
    <subfield code="c">26 cm +</subfield>
    <subfield code="e">1 videodisc (DVD ; 4 3/4 in.)</subfield>
  </datafield>
  <datafield tag="336" ind1=" " ind2=" ">
    <subfield code="3">book</subfield>
    <subfield code="a">text</subfield>
    <subfield code="b">txt</subfield>
    <subfield code="2">rdacontent</subfield>
  </datafield>
  <datafield tag="336" ind1=" " ind2=" ">
    <subfield code="3">DVD</subfield>
    <subfield code="a">two-dimensional moving image</subfield>
    <subfield code="2">rdacontent</subfield>
  </datafield>
  <datafield tag="337" ind1=" " ind2=" ">
    <subfield code="3">book</subfield>
    <subfield code="a">unmediated</subfield>
    <subfield code="b">n</subfield>
    <subfield code="2">rdamedia</subfield>
  </datafield>
  <datafield tag="337" ind1=" " ind2=" ">
    <subfield code="3">DVD</subfield>
    <subfield code="a">video</subfield>
    <subfield code="2">rdamedia</subfield>
  </datafield>
  <datafield tag="338" ind1=" " ind2=" ">
    <subfield code="3">book</subfield>
    <subfield code="a">volume</subfield>
    <subfield code="b">nc</subfield>
    <subfield code="2">rdacarrier</subfield>
  </datafield>
  <datafield tag="338" ind1=" " ind2=" ">
    <subfield code="3">DVD</subfield>
    <subfield code="a">videodisc</subfield>
    <subfield code="2">rdacarrier</subfield>
  </datafield>
  <datafield tag="500" ind1=" " ind2=" ">
    <subfield code="a">Includes index.</subfield>
  </datafield>
  <datafield tag="650" ind1=" " ind2="0">
    <subfield code="a">Jews</subfield>
    <subfield code="z">New York (State)</subfield>
    <subfield code="z">Great Neck</subfield>
    <subfield code="v">Biography.</subfield>
  </datafield>
  <datafield tag="650" ind1=" " ind2="0">
    <subfield code="a">Holocaust survivors</subfield>
    <subfield code="x">Collectibles</subfield>
    <subfield code="z">New York (State)</subfield>
    <subfield code="z">Great Neck</subfield>
    <subfield code="v">Exhibitions.</subfield>
  </datafield>
  <datafield tag="650" ind1=" " ind2="0">
    <subfield code="a">Great Neck (N.Y.)</subfield>
    <subfield code="v">Biography.</subfield>
  </datafield>
</record>