
<record>
  <leader>04347cam a2200445 i 4500</leader>
  <controlfield tag="001">19327739</controlfield>
  <controlfield tag="005">20200103085246.0</controlfield>
  <controlfield tag="008">161005t20162016nyua          000 0 eng d</controlfield>
  <datafield tag="906" ind1=" " ind2=" ">
    <subfield code="a">7</subfield>
    <subfield code="b">cbc</subfield>
    <subfield code="c">copycat</subfield>
    <subfield code="d">2</subfield>
    <subfield code="e">ncip</subfield>
    <subfield code="f">20</subfield>
    <subfield code="g">y-gencatlg</subfield>
  </datafield>
  <datafield tag="925" ind1="0" ind2=" ">
    <subfield code="a">acquire</subfield>
    <subfield code="b">1 shelf copy</subfield>
    <subfield code="x">policy default</subfield>
  </datafield>
  <datafield tag="955" ind1=" " ind2=" ">
    <subfield code="b">re12 2016-10-05 z-processor</subfield>
    <subfield code="i">re25 2019-02-14 one copy received by GPSE (modify NAR) to shelflisting</subfield>
    <subfield code="e">re13 2019-02-26 Copy 1 Barcode 00465903107 to Dewey</subfield>
    <subfield code="w">xm06 2020-01-03</subfield>
  </datafield>
  <datafield tag="010" ind1=" " ind2=" ">
    <subfield code="a">  2016462380</subfield>
  </datafield>
  <datafield tag="020" ind1=" " ind2=" ">
    <subfield code="a">9781623133757</subfield>
    <subfield code="q">paperback</subfield>
  </datafield>
  <datafield tag="020" ind1=" " ind2=" ">
    <subfield code="a">1623133750</subfield>
    <subfield code="q">paperback</subfield>
  </datafield>
  <datafield tag="035" ind1=" " ind2=" ">
    <subfield code="a">(OCoLC)ocn956370584</subfield>
  </datafield>
  <datafield tag="040" ind1=" " ind2=" ">
    <subfield code="a">BRL</subfield>
    <subfield code="b">eng</subfield>
    <subfield code="c">BRL</subfield>
    <subfield code="e">rda</subfield>
    <subfield code="d">VP@</subfield>
    <subfield code="d">VMC</subfield>
    <subfield code="d">OCLCF</subfield>
    <subfield code="d">DLC</subfield>
  </datafield>
  <datafield tag="042" ind1=" " ind2=" ">
    <subfield code="a">lccopycat</subfield>
  </datafield>
  <datafield tag="043" ind1=" " ind2=" ">
    <subfield code="a">a-ye---</subfield>
  </datafield>
  <datafield tag="050" ind1="0" ind2="0">
    <subfield code="a">JC599.M53</subfield>
    <subfield code="b">M67 2016</subfield>
  </datafield>
  <datafield tag="082" ind1="0" ind2="0">
    <subfield code="a">956.305/3</subfield>
    <subfield code="2">23</subfield>
  </datafield>
  <datafield tag="100" ind1="1" ind2=" ">
    <subfield code="a">Motaparthy, Priyanka,</subfield>
    <subfield code="e">author.</subfield>
  </datafield>
  <datafield tag="245" ind1="1" ind2="0">
    <subfield code="a">Bombing businesses :</subfield>
    <subfield code="b">Saudi coalition airstrikes on Yemen&apos;s civilian economic structures /</subfield>
    <subfield code="c">[Priyanka Motaparthy].</subfield>
  </datafield>
  <datafield tag="246" ind1="1" ind2=" ">
    <subfield code="a">Saudi coalition airstrikes on Yemen&apos;s civilian economic structures</subfield>
  </datafield>
  <datafield tag="264" ind1=" " ind2="1">
    <subfield code="a">[New York] :</subfield>
    <subfield code="b">Human Rights Watch,</subfield>
    <subfield code="c">[2016]</subfield>
  </datafield>
  <datafield tag="264" ind1=" " ind2="4">
    <subfield code="c">© 2016  Human Rights Watch.</subfield>
  </datafield>
  <datafield tag="300" ind1=" " ind2=" ">
    <subfield code="a">63 pages :</subfield>
    <subfield code="b">color illustrations ;</subfield>
    <subfield code="c">27 cm</subfield>
  </datafield>
  <datafield tag="336" ind1=" " ind2=" ">
    <subfield code="a">text</subfield>
    <subfield code="b">txt</subfield>
    <subfield code="2">rdacontent</subfield>
  </datafield>
  <datafield tag="337" ind1=" " ind2=" ">
    <subfield code="a">unmediated</subfield>
    <subfield code="b">n</subfield>
    <subfield code="2">rdamedia</subfield>
  </datafield>
  <datafield tag="338" ind1=" " ind2=" ">
    <subfield code="a">volume</subfield>
    <subfield code="b">nc</subfield>
    <subfield code="2">rdacarrier</subfield>
  </datafield>
  <datafield tag="500" ind1=" " ind2=" ">
    <subfield code="a">&quot;This report was researched by Priyanka Motaparthy, researcher in the emergencies division and Belkis Willie, researcher in the Middle East and North Africa division.  Priyanka Motaparthy wrote the report&quot;--Page 57.</subfield>
  </datafield>
  <datafield tag="504" ind1=" " ind2=" ">
    <subfield code="a">Includes bibliographical references.</subfield>
  </datafield>
  <datafield tag="505" ind1="0" ind2="0">
    <subfield code="t">Summary --</subfield>
    <subfield code="t">Recommendations:</subfield>
    <subfield code="t">To Saudi Arabia and other coalition members --</subfield>
    <subfield code="t">To President Hadi&apos;s Government --</subfield>
    <subfield code="t">To Houthi and allied forces --</subfield>
    <subfield code="t">To the United States --</subfield>
    <subfield code="t">To the United States, United Kingdom, and other coalition supporters --</subfield>
    <subfield code="t">To the United States, United Kingdom, France, Germany, Italy, Canada, and other countries selling weapons to Saudi Arabia --</subfield>
    <subfield code="t">To UN Security Council member states --</subfield>
    <subfield code="t">To Member States of the UN General Assembly --</subfield>
    <subfield code="t">To the UN Human Rights Council --</subfield>
    <subfield code="t">Methodology --</subfield>
    <subfield code="g">I.</subfield>
    <subfield code="t">Background:</subfield>
    <subfield code="t">Economic and humanitarian impacts of armed conflict --</subfield>
    <subfield code="t">Background to the conflict --</subfield>
    <subfield code="t">Parties to the Conflict --</subfield>
    <subfield code="t">Investigations and Accountability for Indiscriminate Airstrikes --</subfield>
    <subfield code="g">II.</subfield>
    <subfield code="t">Applicable International Humanitarian Law --</subfield>
    <subfield code="g">III.</subfield>
    <subfield code="t">Cases of Unlawful Airstrikes on Civilian Economic Structures:</subfield>
    <subfield code="t">Electricity Company Administration for Hodaida --</subfield>
    <subfield code="t">Coca-Cola Factory, Sanaa --</subfield>
    <subfield code="t">Sanaa Chamber of Commerce --</subfield>
    <subfield code="t">Hodaida Warehouses --</subfield>
    <subfield code="t">Bio Pharma Factory --</subfield>
    <subfield code="t">Al-Aqil Industrial Compound --</subfield>
    <subfield code="t">Al-Shihab Industrial Compound --</subfield>
    <subfield code="t">Middle East Workshop for Sewing and Embroidery --</subfield>
    <subfield code="t">Amran Cement Factory --</subfield>
    <subfield code="g">IV.</subfield>
    <subfield code="t">Previously Documented Attacks on Civilian Economic Structures:</subfield>
    <subfield code="t">Yemany Dairy and Beverage factory --</subfield>
    <subfield code="t">Mokha Steam Power Plant --</subfield>
    <subfield code="t">Al-Sham Water Bottling Factory --</subfield>
    <subfield code="t">Radfan Ceramics Factory --</subfield>
    <subfield code="g">V.</subfield>
    <subfield code="t">Acknowledgments --</subfield>
    <subfield code="g">Appendix I:</subfield>
    <subfield code="t">Human Rights Watch Letter to the Minister of Defense His Royal Highness Mohammad bin Salman Al Sa&apos;ud --</subfield>
    <subfield code="g">Appendix II:</subfield>
    <subfield code="t">Coalition command in Yemen: Statement on operations.</subfield>
  </datafield>
  <datafield tag="520" ind1=" " ind2=" ">
    <subfield code="a">&quot;The report, &apos;Bombing Businesses: Saudi Coalition Airstrikes on Yemens Civilian Economic Structures,&apos; examines in detail 17 apparently unlawful airstrikes on 13 civilian economic sites, including factories, commercial warehouses, a farm, and two power facilities. These strikes killed 130 civilians and injured 171 more. Collectively, the facilities employed over 2,500 people; following the attacks, many of the factories ended their production and hundreds of workers lost their livelihoods. Further, with more than 20 million people in desperate need of humanitarian aid, the strikes on factories are contributing to the shortages of food, medicine, and other critical needs of Yemen&apos;s civilians&quot;--Publisher&apos;s description..</subfield>
  </datafield>
  <datafield tag="650" ind1=" " ind2="0">
    <subfield code="a">Bombing, Aerial</subfield>
    <subfield code="z">Yemen (Republic)</subfield>
  </datafield>
  <datafield tag="650" ind1=" " ind2="0">
    <subfield code="a">Combatants and noncombatants (International law)</subfield>
  </datafield>
  <datafield tag="650" ind1=" " ind2="0">
    <subfield code="a">War</subfield>
    <subfield code="x">Protection of civilians</subfield>
    <subfield code="z">Yemen (Republic)</subfield>
  </datafield>
  <datafield tag="651" ind1=" " ind2="0">
    <subfield code="a">Yemen (Republic)</subfield>
    <subfield code="x">Economic conditions.</subfield>
  </datafield>
  <datafield tag="651" ind1=" " ind2="0">
    <subfield code="a">Yemen (Republic)</subfield>
    <subfield code="x">Social conditions.</subfield>
  </datafield>
  <datafield tag="710" ind1="2" ind2=" ">
    <subfield code="a">Human Rights Watch (Organization),</subfield>
    <subfield code="e">issuing body.</subfield>
  </datafield>
  <datafield tag="856" ind1="4" ind2="0">
    <subfield code="u">https://www.hrw.org/report/2016/07/10/bombing-businesses/saudi-coalition-airstrikes-yemens-civilian-economic-structures</subfield>
  </datafield>
</record>